<?xml version="1.0" encoding="UTF-8"?><collection xmlns="http://www.loc.gov/MARC21/slim"><record><leader>00426nam--2200145-i-4500</leader><controlfield tag="001">000012356</controlfield><controlfield tag="002">20161230</controlfield><controlfield tag="005">20161230201029</controlfield><controlfield tag="008">060222s1000------------r-----000-0-eng-d</controlfield><datafield ind1=" " ind2=" " tag="080"><subfield code="a">512.642(082.1)</subfield></datafield><datafield ind1=" " ind2=" " tag="100"><subfield code="a">Bair, Jacques Et Fourneau, Reno</subfield></datafield><datafield ind1=" " ind2=" " tag="245"><subfield code="a">Etude geometrique des espaces vectoriels.une introduction</subfield></datafield><datafield ind1=" " ind2=" " tag="260"><subfield code="a">Berlin,Springer-verlag,1975. Vii + 185 P</subfield></datafield><datafield ind1=" " ind2=" " tag="490"><subfield code="a">Lecture Notes In Mathematics</subfield></datafield><datafield ind1=" " ind2=" " tag="852"><subfield code="a">45399</subfield></datafield></record></collection>